@article{feng2023layoutgpt,
  title={Layoutgpt: Compositional visual planning and generation with large language models},
  author={Feng, Weixi and Zhu, Wanrong and Fu, Tsu-jui and Jampani, Varun and Akula, Arjun and He, Xuehai and Basu, Sugato and Wang, Xin Eric and Wang, William Yang},
  journal={Advances in Neural Information Processing Systems},
  volume={36},
  pages={18225--18250},
  year={2023}
}

@inproceedings{radford2021learning,
  title={Learning transferable visual models from natural language supervision},
  author={Radford, Alec and Kim, Jong Wook and Hallacy, Chris and Ramesh, Aditya and Goh, Gabriel and Agarwal, Sandhini and Sastry, Girish and Askell, Amanda and Mishkin, Pamela and Clark, Jack and others},
  booktitle={International conference on machine learning},
  pages={8748--8763},
  year={2021},
  organization={PmLR}
}